<record xmlns="http://www.loc.gov/MARC21/slim" xmlns:xsi="http://www.w3.org/2001/XMLSchema-instance" xsi:schemaLocation="http://www.loc.gov/MARC21/slim http://www.loc.gov/standards/marcxml/schema/MARC21slim.xsd"><leader>00037nz   2200037n  4500</leader><controlfield tag="001">DNB|102400237</controlfield><controlfield tag="003">DNB</controlfield><controlfield tag="005">19960808164407.0</controlfield><controlfield tag="008">930416|||az|nnaa|||||||||||| a|aaa|||| d</controlfield><datafield ind1="7" ind2=" " tag="016"><subfield code="a">102400237</subfield><subfield code="2">GyFmDB</subfield></datafield><datafield ind1=" " ind2=" " tag="040"><subfield code="a">0000</subfield><subfield code="b">ger</subfield><subfield code="d">9999</subfield><subfield code="f">RAK-PND</subfield></datafield><datafield ind1="1" ind2=" " tag="045"><subfield code="b">d5. Jh. v. Chr.</subfield></datafield><datafield ind1="0" ind2=" " tag="100"><subfield code="a">Neophron,</subfield><subfield code="c">Sicyonius</subfield><subfield code="d">5. Jh. v. Chr.</subfield></datafield><datafield ind1="0" ind2=" " tag="400"><subfield code="a">Neophron,</subfield><subfield code="c">von Sikyon</subfield><subfield code="d">5. Jh. v. Chr.</subfield></datafield><datafield ind1="0" ind2=" " tag="400"><subfield code="a">Neophro,</subfield><subfield code="c">Tragicus</subfield><subfield code="d">5. Jh. v. Chr.</subfield></datafield><datafield ind1="0" ind2=" " tag="400"><subfield code="a">Neophron,</subfield><subfield code="c">Tragiker</subfield><subfield code="d">5. Jh. v. Chr.</subfield></datafield><datafield ind1="0" ind2=" " tag="400"><subfield code="a">Neophron,</subfield><subfield code="c">Tragicus</subfield><subfield code="d">5. Jh. v. Chr.</subfield></datafield><datafield ind1="0" ind2=" " tag="400"><subfield code="a">Neofrone,</subfield><subfield code="c">di Sicione</subfield><subfield code="d">5. Jh. v. Chr.</subfield></datafield><datafield ind1="0" ind2=" " tag="400"><subfield code="a">Neofrone,</subfield><subfield code="c">Poeta Tragico</subfield><subfield code="d">5. Jh. v. Chr.</subfield></datafield><datafield ind1=" " ind2=" " tag="910"><subfield code="a">neophronis tragici poetae graeci fragmenta</subfield><subfield code="9">1</subfield></datafield><datafield ind1=" " ind2=" " tag="922"><subfield code="a">gw</subfield><subfield code="9">1</subfield></datafield><datafield ind1=" " ind2=" " tag="940"><subfield code="a">ger</subfield><subfield code="9">1</subfield></datafield><datafield ind1=" " ind2=" " tag="943"><subfield code="a">182x</subfield><subfield code="9">1</subfield></datafield><datafield ind1=" " ind2=" " tag="944"><subfield code="a">am</subfield><subfield code="9">1</subfield></datafield><datafield ind1=" " ind2=" " tag="999"><subfield code="a">BVB|BV010548441</subfield></datafield></record>